<record><leader>00000cas a22000007a 4500</leader><controlfield tag="001">19602721</controlfield><controlfield tag="008">890426d18841885gauwr ne      0    0eng d</controlfield><datafield ind1=" " ind2=" " tag="010"><subfield code="a">sn 89053222 </subfield></datafield><datafield ind1=" " ind2=" " tag="040"><subfield code="a">NLG</subfield><subfield code="b">eng</subfield><subfield code="c">NLG</subfield><subfield code="d">GUA</subfield><subfield code="d">OCLCQ</subfield><subfield code="d">OCLCF</subfield><subfield code="d">OCLCO</subfield></datafield><datafield ind1="1" ind2=" " tag="029"><subfield code="a">AU@</subfield><subfield code="b">000040927103</subfield></datafield><datafield ind1=" " ind2=" " tag="042"><subfield code="a">msc</subfield></datafield><datafield ind1=" " ind2=" " tag="043"><subfield code="a">n-us-ga</subfield></datafield><datafield ind1="0" ind2="0" tag="245"><subfield code="a">Mountain boys.</subfield></datafield><datafield ind1=" " ind2=" " tag="260"><subfield code="a">Jasper, Ga. :</subfield><subfield code="b">J.H. Rhyne &amp; Co.,</subfield><subfield code="c">[1884-1885]</subfield></datafield><datafield ind1=" " ind2=" " tag="300"><subfield code="a">v.</subfield></datafield><datafield ind1=" " ind2=" " tag="310"><subfield code="a">Weekly</subfield></datafield><datafield ind1="1" ind2=" " tag="362"><subfield code="a">Began in 1884; ceased in 1885.</subfield></datafield><datafield ind1=" " ind2=" " tag="530"><subfield code="a">Also on microfilm: Athens, Ga. : University of Georgia Libraries.</subfield></datafield><datafield ind1=" " ind2=" " tag="588"><subfield code="a">Description based on: Vol. 1, no. 13 (Mar. 29, 1884).</subfield></datafield><datafield ind1=" " ind2="0" tag="651"><subfield code="a">Jasper (Ga.)</subfield><subfield code="v">Newspapers.</subfield></datafield><datafield ind1=" " ind2="0" tag="651"><subfield code="a">Pickens County (Ga.)</subfield><subfield code="v">Newspapers.</subfield></datafield><datafield ind1=" " ind2="7" tag="655"><subfield code="a">Newspapers.</subfield><subfield code="2">fast</subfield><subfield code="0">(OCoLC)fst01423814</subfield></datafield><datafield ind1=" " ind2="7" tag="651"><subfield code="a">Georgia</subfield><subfield code="z">Jasper.</subfield><subfield code="2">fast</subfield><subfield code="0">(OCoLC)fst01274834</subfield></datafield><datafield ind1=" " ind2="7" tag="651"><subfield code="a">Georgia</subfield><subfield code="z">Pickens County.</subfield><subfield code="2">fast</subfield><subfield code="0">(OCoLC)fst01209613</subfield></datafield><datafield ind1=" " ind2=" " tag="752"><subfield code="a">United States</subfield><subfield code="b">Georgia</subfield><subfield code="c">Pickens</subfield><subfield code="d">Jasper.</subfield></datafield><datafield ind1="0" ind2="0" tag="785"><subfield code="t">Jasper news</subfield><subfield code="w">(DLC)sn 89053223</subfield><subfield code="w">(OCoLC)19602755</subfield></datafield></record>